2100 3262
323 121 341 168 1
360 121 390 168 2
761 122 1197 174 ANECDOTES
1248 122 1447 176 FROM

390 256 596 308 Iterum
624 257 679 308 in
705 258 945 310 scholam
974 260 1143 322 redeo.
1175 262 1227 310 et
1257 259 1348 310 illa
1375 260 1691 314 dulcissima
1715 263 1890 313 aetate

318 342 515 392 iterum
543 343 705 394 fruor.

390 427 555 478 Sedeo
584 430 724 479 inter
750 448 958 496 pueros,
990 435 1047 481 ut
1079 430 1337 482 solebam.

389 513 548 564 Pueri
580 515 720 564 inter
745 533 800 566 se
828 516 968 566 clar(-
996 517 1321 582 loquuntur:
1363 535 1461 582 ego
1488 516 1659 568 audio.
1914 533 1970 571 60

387 598 523 649 Cum
567 601 766 651 multos
804 607 1170 668 praeceptores
1209 603 1442 665 audiero,
1474 603 1539 654 ad
1574 607 1624 654 te
1650 601 1886 654 scrIbam

317 685 442 749 quid
472 687 702 736 sentiam
728 708 737 737 :

387 775 439 819 et
477 773 708 836 epistula
754 791 869 823 mea
909 774 1093 824 efficiet
1140 782 1193 825 ut
1236 775 1348 840 ipse
1388 792 1574 825 omnes
1616 774 1885 826 audlvisse

318 856 561 907 videaris.

389 943 566 992 Debeo
594 944 738 993 enim
769 944 881 1006 tibi,
914 946 1078 996 debeo
1120 947 1410 996 memoriae
1450 947 1630 997 fratris
1667 947 1748 998 tui
1785 946 1886 998 hoc
1912 964 1967 1004 65

315 1028 558 1079 studium
588 1030 650 1079 de
678 1034 826 1081 tanta]
856 1049 925 1081 re.

387 1114 610 1180 Oportet
649 1117 795 1166 enim
831 1116 1030 1169 liberos
1066 1118 1255 1184 dignos
1290 1117 1383 1168 illo
1417 1116 1582 1184 pistre,
1615 1121 1668 1169 te
1691 1123 1886 1184 patruo

317 1202 551 1265 reperIri.

387 1286 507 1337 Scio
523 1303 609 1336 me
631 1287 766 1337 forte
786 1293 1164 1353 suscepturum
1185 1306 1298 1340 esse
1319 1289 1549 1341 offensas
1565 1290 1623 1341 in
1640 1289 1886 1357 eligendo

315 1376 655 1438 praeceptore
673 1393 682 1423 :
1913 1390 1966 1430 70

384 1462 567 1509 tamen
619 1458 850 1510 libenter
899 1471 1010 1510 non
1060 1459 1238 1511 solum
1289 1461 1521 1513 offensas
1574 1462 1666 1514 sed
1722 1462 1886 1514 etiam

312 1544 619 1596 simultates
645 1563 741 1611 pro
761 1546 943 1598 fratris
970 1547 1051 1596 tui
1078 1547 1212 1598 f1lils
1238 1548 1446 1599 subibo,

384 1631 531 1682 Vale.

1059 1754 1139 1804 VI

315 1854 355 1896 A
381 1851 542 1909 stupid
568 1852 670 1909 johe
704 1852 836 1897 mad<¹
867 1853 923 1910 by
956 1869 1038 1899 one
1067 1854 1121 1910 os
1148 1854 1219 1898 the
1251 1855 1476 1900 audience
1499 1859 1550 1900 at
1580 1871 1610 1899 a
1637 1856 1884 1901 recitation

658 1934 807 1988 tapsets
829 1930 900 1974 the
925 1930 1226 1989 equilibrium
1250 1933 1303 1989 of
1321 1931 1393 1976 the
1410 1937 1529 1990 poet.

384 2058 636 2110 MIrificae
698 2059 776 2111 rei
834 2072 942 2111 non
999 2061 1328 2112 interfuisti:
1392 2078 1460 2111 ne
1515 2078 1613 2128 ego
1663 2060 1883 2126 quidem

313 2144 562 2196 interfui:
604 2147 696 2197 sed
726 2147 792 2196 de
817 2146 997 2198 fabula
1023 2148 1217 2198 certior
1242 2147 1416 2197 factus
1440 2164 1578 2198 sum.
1911 2152 1967 2192 75

385 2231 629 2293 Quidam,
686 2233 1003 2298 splendidus
1059 2250 1220 2299 eques
1275 2236 1327 2284 et
1381 2234 1641 2297 erudituS,
1696 2233 1888 2286 scrIbit

312 2315 503 2382 elegos.

385 2402 568 2453 Huius
602 2403 832 2454 maiores
857 2421 1068 2470 quoque
1094 2404 1428 2470 scripserunt·
1449 2424 1461 2456 :
1499 2416 1688 2456 eorum
1713 2422 1884 2456 exem-

313 2489 468 2553 plum
500 2490 775 2554 sequitur:
814 2490 976 2541 habet
1013 2490 1162 2541 enim
1200 2491 1343 2541 inter
1378 2491 1606 2543 mitiores
1647 2494 1882 2558 poetam,
1939 2489 1945 2495 ’

315 2573 679 2640 Propertium.
1907 2580 1964 2621 80

384 2659 441 2710 Is
468 2678 591 2711 cum
617 2661 877 2724 recitaret,
911 2663 987 2712 ita
1012 2662 1190 2727 coepit
1206 2661 1409 2715 dlcere:
1441 2663 1668 2727 ‘Prisee,
1691 2662 1884 2716 iubee.’
