2132 3230
615 149 904 202 PLINY'S
954 143 1281 198 LETTERS
1666 135 1729 184 13

239 296 358 360 Quo
377 292 578 353 aud1t0‚
602 289 820 341 Priscus
838 285 1040 350 (aderat
1059 281 1220 341 enim,
1245 290 1451 329 amxcus
1471 272 1733 330 recitanti)

172 382 359 435 statim
385 380 613 431 clamat:
654 375 796 440 ‘Ego
824 383 932 422 non
959 368 1149 419 iube0.’

243 468 429 535 cogita
453 465 686 532 quantus
711 458 873 510 fuerit
900 468 1043 506 rtsus
1068 452 1369 509 hominum,
1400 448 1527 513 quot
1555 443 1670 494 ioci.

99 577 154 617 85
247 554 347 605 Est
370 562 498 604 sane
525 549 745 600 Priscus
778 542 967 595 dubiae
1004 537 1266 597 sanitatis,
1296 534 1519 584 interest
1553 532 1736 579 tamen

178 642 336 692 rebus
358 636 602 705 publicIS.

250 727 453 792 Itaque,
484 738 619 789 quae
645 724 762 770 tum
789 717 937 776 fecit,
965 709 1195 764 ridicula
1220 708 1455 758 fuerunt.

249 812 480 865 Interim
497 807 674 860 Prisci
693 802 926 855 stultitia
942 794 1305 864 eloquentiam
1324 794 1508 858 poetae
1526 785 1740 837 minuit.

255 900 478 965 Oportet
524 894 688 960 igitur
732 889 1047 941 recitaturos
1093 879 1371 947 providere
1417 886 1524 925 non
1569 870 1743 921 solum

106 1003 164 1044 90
183 991 242 1039 ut
285 987 395 1036 sint
434 981 536 1049 ipsi
577 979 707 1038 sani,
754 987 941 1025 verum
979 970 1141 1021 etiam
1184 970 1240 1016 ut
1280 974 1439 1014 sanos
1477 959 1747 1010 auditores

185 1072 492 1124 adhibeant.

913 1217 1025 1268 VII

195 1379 284 1424 The
327 1383 452 1432 story
490 1373 543 1430 os
581 1371 653 1416 the
690 1367 899 1412 huuntccl
939 1362 1074 1408 house
1115 1356 1255 1401 which
1301 1369 1392 1398 usas
1431 1351 1593 1407 bougdet
1635 1349 1689 1404 by
1725 1363 1751 1389 u

308 1446 634 1510 philosopher:
669 1442 741 1487 the
763 1439 886 1498 (diost
918 1451 1116 1496 appears
1145 1433 1243 1477 (incl
1278 1428 1375 1472 bido·
1404 1426 1497 1470 him
1525 1422 1688 1480 follow
1724 1420 1753 1461 it

314 1526 510 1573 without
532 1522 633 1568 dela
644 1537 684 1577 y.

264 1659 395 1710 Erat
419 1653 657 1706 Athems
682 1661 879 1712 magna
906 1642 1114 1699 domus,
1149 1635 1241 1688 sed
1272 1629 1504 1682 infamis.

267 1746 373 1797 Per
427 1736 712 1793 silentium
774 1729 947 1783 noctis
1006 1722 1327 1776 audiebatur
1388 1729 1552 1766 sonus
1614 1707 1757 1760 ferri.

196 1832 453 1898 strepitus
475 1821 833 1877 vinculorum.

119 1941 178 1982 95
270 1918 395 1969 Mox
435 1907 721 1979 apparebat
767 1900 982 1967 effigies,
1024 1911 1184 1948 senex
1230 1892 1389 1956 longa
1426 1883 1605 1944 barba,
1648 1880 1765 1930 hor·

200 2003 339 2056 renti
364 1997 572 2067 capillo.

273 2087 532 2142 Cruribus
552 2086 606 2133 et
625 2076 875 2132 manibus
894 2068 1115 2125 vincula
1134 2063 1349 2133 gerebat
1371 2054 1766 2126 quatiebatque.

275 2174 413 2227 Inde
450 2170 659 2223 deserta
697 2168 775 2216 est
816 2162 1023 2212 domus,
1055 2169 1216 2221 quam
1253 2155 1582 2216 possessores
1621 2135 1771 2204 parvi

206 2261 435 2316 vendere
458 2254 728 2309 volebant.

102 2369 187 2411 100
278 2345 446 2400 Venit
494 2340 742 2394 Athenas
791 2327 1179 2400 philosophus:
1241 2319 1434 2372 certior
1483 2315 1653 2365 factus

210 2437 370 2489 domo
395 2444 572 2483 emere
598 2420 897 2477 constituit.

283 2519 406 2571 Nox
430 2510 838 2580 appropinquat,
871 2502 1019 2553 iubet
1044 2498 1246 2549 lectum
1271 2489 1413 2558 poni,
1437 2484 1605 2553 poscit
1632 2480 1777 2531 tabu-

211 2609 308 2669 laS‚
337 2603 543 2663 stilum,
573 2597 793 2656 lumen3
833 2605 957 2641 suos
991 2581 1229 2636 dimittit.
1309 2572 1517 2627 Dffinde
1550 2567 1778 2619 scribere

217 2691 406 2762 coepit.

1709 2308 1773 2358 de
