2132 3230
651 145 939 198 PLINY'S
991 141 1317 195 LETTERS
1703 134 1763 184 15

198 286 459 355 apparuit,
519 284 764 336 mulieris
822 282 992 347 figura
1055 281 1290 330 humana
1347 274 1597 342 grandior
1654 271 1766 337 pul-

97 387 177 430 125
199 373 494 439 ebriorque.

272 459 423 511 Haec
447 457 587 509 dixit
611 473 667 507 se
693 471 807 507 esse
834 444 1107 506 Africam:
1145 467 1270 502 eum
1303 450 1510 499 iturum
1539 446 1770 496 Romam

201 562 330 609 esse,
379 545 611 597 honores
653 544 1011 607 accepturum,
1064 538 1119 588 in
1164 536 1389 587 eandem
1437 530 1773 599 provinciam

204 631 522 691 rediturum,
553 626 734 695 ibique
762 626 1104 677 moriturum.

277 716 437 767 Facta
461 718 592 766 sunt
617 713 813 765 omnia.

104 819 184 861 130
279 803 562 854 Praeterea
634 800 760 850 huic
835 794 1290 864 appropinquanti
1371 790 1773 855 Carthaginem,

209 888 612 955 egredientique
656 897 792 937 nave
840 884 1029 935 eadem
1080 881 1281 947 effigies
1326 879 1381 929 in
1425 877 1581 928 lItore
1625 886 1779 941 appa-

212 975 382 1026 ruisse
407 974 622 1025 dxcitur.

285 1062 563 1114 Romanus
605 1063 747 1110 certe
791 1057 1091 1123 implicitus
1134 1055 1336 1116 morbo,
1383 1071 1531 1120 spem
1576 1052 1783 1110 salutis,

217 1148 370 1202 nullo
393 1158 615 1199 suorum
634 1147 965 1212 desperante,
989 1143 1242 1210 proiecit:
1271 1159 1398 1192 mox
1420 1145 1668 1191 mortuus
1688 1146 1786 1188 est.

114 1248 195 1293 185
290 1234 436 1286 Illud
465 1251 647 1285 nonne
673 1232 965 1284 mIrificum
992 1235 1071 1281 est
1098 1232 1148 1279 et
1177 1228 1417 1279 terribile
1433 1229 1459 1276 ἱ)

293 1413 429 1465 Mihi
466 1413 663 1464 accidit
702 1429 785 1463 res
823 1411 1084 1463 mtrifica:
1139 1416 1217 1461 est
1259 1408 1395 1460 mihi
1434 1407 1661 1458 ubertus
1699 1407 1787 1472 qui

224 1505 386 1553 noctu
413 1499 518 1551 sibi
546 1498 835 1550 videbatur
862 1497 917 1548 in
946 1501 1062 1547 toro
1088 1496 1317 1561 effigiem
1345 1512 1573 1544 cernere.

294 1588 443 1639 Haec
481 1585 665 1637 liberti
701 1584 922 1649 capillos
961 1583 1134 1634 cultro
1170 1583 1371 1633 secuit:
1412 1581 1497 1631 die
1538 1581 1793 1632 redeunte

225 1673 572 1741 reperiuntur
594 1670 790 1737 capilli.

123 1773 204 1813 140
300 1760 493 1811 Postea
521 1757 751 1808 llbertus
779 1754 1079 1806 dormiebat
1117 1755 1171 1805 in
1209 1753 1488 1805 cubiculo:
1529 1763 1793 1804 venerunt

229 1864 324 1913 per
364 1846 625 1897 fenestras
669 1843 765 1908 (ita
811 1844 1010 1905 narrat)
1054 1841 1111 1892 in
1158 1841 1358 1892 tuniexs
1402 1840 1536 1891 albis
1579 1841 1699 1892 duo,
1744 1848 1792 1889 et

230 1933 454 1999 capillos
477 1931 657 1982 llberti
683 1932 972 1980 secuerunt
997 1932 1050 1978 et
1076 1928 1341 1979 abierunt.

303 2018 408 2070 Sed
429 2017 575 2069 nihil
593 2020 675 2068 est
694 2019 938 2068 secutum
962 2033 974 2064 ι
1002 2015 1141 2081 quod
1163 2014 1210 2064 si
1230 2014 1578 2064 Domitianus
1595 2013 1799 2064 diutius

234 2105 471 2167 vixisset,
504 2120 610 2170 quo
650 2102 973 2169 imperatore
1007 2101 1134 2151 haec
1174 2117 1255 2150 res
1289 2101 1501 2158 accidit,
1525 2103 1802 2151 accusatus

130 2202 212 2243 145
234 2208 423 2243 essem.

307 2275 449 2327 Nam
475 2275 533 2326 in
558 2275 755 2326 scrtnio
781 2276 1038 2325 inventus
1064 2277 1143 2324 est
1169 2271 1398 2329 libellus,
1425 2272 1480 2323 in
1509 2289 1614 2337 quo
1635 2271 1803 2322 Carus

239 2380 327 2416 me
351 2361 632 2413 accusavit.

314 2449 505 2514 Itaque
531 2450 662 2514 puto
688 2447 827 2497 hanc
854 2445 1085 2511 effigiem
1114 2443 1251 2494 velle
1278 2445 1649 2495 demonstrare
1677 2457 1808 2510 peri·

243 2535 428 2587 culum
455 2532 616 2599 capiti
642 2549 765 2583 meo
791 2532 1090 2583 imminere.
